%YAML 1.1
%TAG !u! tag:unity3d.com,2011:
--- !u!1 &1023056680
GameObject:
  m_ObjectHideFlags: 0
  m_CorrespondingSourceObject: {fileID: 0}
  m_PrefabInstance: {fileID: 0}
  m_PrefabAsset: {fileID: 0}
  serializedVersion: 6
  m_Component:
  - component: {fileID: 1023056681}
  - component: {fileID: 1023056682}
  - component: {fileID: 1023056683}
  m_Layer: 9
  m_Name: PlayerFinder
  m_TagString: Untagged
  m_Icon: {fileID: 0}
  m_NavMeshLayer: 0
  m_StaticEditorFlags: 0
  m_IsActive: 1
--- !u!4 &1023056681
Transform:
  m_ObjectHideFlags: 0
  m_CorrespondingSourceObject: {fileID: 0}
  m_PrefabInstance: {fileID: 0}
  m_PrefabAsset: {fileID: 0}
  m_GameObject: {fileID: 1023056680}
  m_LocalRotation: {x: 0, y: 0, z: 0, w: 1}
  m_LocalPosition: {x: 0, y: 0, z: 0}
  m_LocalScale: {x: 1, y: 1, z: 1}
  m_Children: []
  m_Father: {fileID: 5217072565930689189}
  m_RootOrder: 2
  m_LocalEulerAnglesHint: {x: 0, y: 0, z: 0}
--- !u!58 &1023056682
CircleCollider2D:
  m_ObjectHideFlags: 0
  m_CorrespondingSourceObject: {fileID: 0}
  m_PrefabInstance: {fileID: 0}
  m_PrefabAsset: {fileID: 0}
  m_GameObject: {fileID: 1023056680}
  m_Enabled: 1
  m_Density: 1
  m_Material: {fileID: 0}
  m_IsTrigger: 1
  m_UsedByEffector: 0
  m_UsedByComposite: 0
  m_Offset: {x: 0, y: 0.75}
  serializedVersion: 2
  m_Radius: 3
--- !u!114 &1023056683
MonoBehaviour:
  m_ObjectHideFlags: 0
  m_CorrespondingSourceObject: {fileID: 0}
  m_PrefabInstance: {fileID: 0}
  m_PrefabAsset: {fileID: 0}
  m_GameObject: {fileID: 1023056680}
  m_Enabled: 1
  m_EditorHideFlags: 0
  m_Script: {fileID: 11500000, guid: f58e2db72ce19c142bc5f7aa81bffb82, type: 3}
  m_Name: 
  m_EditorClassIdentifier: 
  origin: {fileID: 5217072565930689189}
  mover: {fileID: 563657575}
  sightDistance: 9
  contactFilter:
    useTriggers: 0
    useLayerMask: 0
    useDepth: 0
    useOutsideDepth: 0
    useNormalAngle: 0
    useOutsideNormalAngle: 0
    layerMask:
      serializedVersion: 2
      m_Bits: 0
    minDepth: 0
    maxDepth: 0
    minNormalAngle: 0
    maxNormalAngle: 0
--- !u!1 &4451242147465489793
GameObject:
  m_ObjectHideFlags: 0
  m_CorrespondingSourceObject: {fileID: 0}
  m_PrefabInstance: {fileID: 0}
  m_PrefabAsset: {fileID: 0}
  serializedVersion: 6
  m_Component:
  - component: {fileID: 5217072565930689189}
  - component: {fileID: 1225809475720975869}
  - component: {fileID: 3135171384205754143}
  - component: {fileID: 5273782222204475184}
  - component: {fileID: 2643661007502088772}
  - component: {fileID: 6552342523718707857}
  - component: {fileID: 563657575}
  m_Layer: 9
  m_Name: Hollow
  m_TagString: Untagged
  m_Icon: {fileID: 0}
  m_NavMeshLayer: 0
  m_StaticEditorFlags: 0
  m_IsActive: 1
--- !u!4 &5217072565930689189
Transform:
  m_ObjectHideFlags: 0
  m_CorrespondingSourceObject: {fileID: 0}
  m_PrefabInstance: {fileID: 0}
  m_PrefabAsset: {fileID: 0}
  m_GameObject: {fileID: 4451242147465489793}
  m_LocalRotation: {x: 0, y: 0, z: 0, w: 1}
  m_LocalPosition: {x: 0, y: 0, z: 0}
  m_LocalScale: {x: 1, y: 1, z: 1}
  m_Children:
  - {fileID: 2012828403339027054}
  - {fileID: 4726672406268689169}
  - {fileID: 1023056681}
  m_Father: {fileID: 0}
  m_RootOrder: 0
  m_LocalEulerAnglesHint: {x: 0, y: 0, z: 0}
--- !u!95 &1225809475720975869
Animator:
  serializedVersion: 3
  m_ObjectHideFlags: 0
  m_CorrespondingSourceObject: {fileID: 0}
  m_PrefabInstance: {fileID: 0}
  m_PrefabAsset: {fileID: 0}
  m_GameObject: {fileID: 4451242147465489793}
  m_Enabled: 1
  m_Avatar: {fileID: 0}
  m_Controller: {fileID: 9100000, guid: 906f2863cdd7b224fbbfae07e9bd4eb4, type: 2}
  m_CullingMode: 0
  m_UpdateMode: 0
  m_ApplyRootMotion: 0
  m_LinearVelocityBlending: 0
  m_WarningMessage: 
  m_HasTransformHierarchy: 1
  m_AllowConstantClipSamplingOptimization: 1
  m_KeepAnimatorControllerStateOnDisable: 0
--- !u!50 &3135171384205754143
Rigidbody2D:
  serializedVersion: 4
  m_ObjectHideFlags: 0
  m_CorrespondingSourceObject: {fileID: 0}
  m_PrefabInstance: {fileID: 0}
  m_PrefabAsset: {fileID: 0}
  m_GameObject: {fileID: 4451242147465489793}
  m_BodyType: 1
  m_Simulated: 1
  m_UseFullKinematicContacts: 1
  m_UseAutoMass: 0
  m_Mass: 1000
  m_LinearDrag: 0
  m_AngularDrag: 0.05
  m_GravityScale: 0
  m_Material: {fileID: 0}
  m_Interpolate: 0
  m_SleepingMode: 1
  m_CollisionDetection: 0
  m_Constraints: 4
--- !u!70 &5273782222204475184
CapsuleCollider2D:
  m_ObjectHideFlags: 0
  m_CorrespondingSourceObject: {fileID: 0}
  m_PrefabInstance: {fileID: 0}
  m_PrefabAsset: {fileID: 0}
  m_GameObject: {fileID: 4451242147465489793}
  m_Enabled: 1
  m_Density: 1
  m_Material: {fileID: 0}
  m_IsTrigger: 1
  m_UsedByEffector: 0
  m_UsedByComposite: 0
  m_Offset: {x: 0, y: 0.75}
  m_Size: {x: 1, y: 1.5}
  m_Direction: 0
--- !u!114 &2643661007502088772
MonoBehaviour:
  m_ObjectHideFlags: 0
  m_CorrespondingSourceObject: {fileID: 0}
  m_PrefabInstance: {fileID: 0}
  m_PrefabAsset: {fileID: 0}
  m_GameObject: {fileID: 4451242147465489793}
  m_Enabled: 1
  m_EditorHideFlags: 0
  m_Script: {fileID: 11500000, guid: a03610228afbcf54492436de84c0462a, type: 3}
  m_Name: 
  m_EditorClassIdentifier: 
  timeToDespawn: 4
  timeBetweenAttacks: 4
--- !u!114 &6552342523718707857
MonoBehaviour:
  m_ObjectHideFlags: 0
  m_CorrespondingSourceObject: {fileID: 0}
  m_PrefabInstance: {fileID: 0}
  m_PrefabAsset: {fileID: 0}
  m_GameObject: {fileID: 4451242147465489793}
  m_Enabled: 1
  m_EditorHideFlags: 0
  m_Script: {fileID: 11500000, guid: 2e1b9f597a4cebb4896e102c7d4e9246, type: 3}
  m_Name: 
  m_EditorClassIdentifier: 
  iframes: 0
  hp: 88
  maxHP: 88
--- !u!114 &563657575
MonoBehaviour:
  m_ObjectHideFlags: 0
  m_CorrespondingSourceObject: {fileID: 0}
  m_PrefabInstance: {fileID: 0}
  m_PrefabAsset: {fileID: 0}
  m_GameObject: {fileID: 4451242147465489793}
  m_Enabled: 1
  m_EditorHideFlags: 0
  m_Script: {fileID: 11500000, guid: 6d5e224b062bb834880293c11e3ac7f2, type: 3}
  m_Name: 
  m_EditorClassIdentifier: 
  speed: 1
  tolerance: 1
--- !u!1 &5907505990192699766
GameObject:
  m_ObjectHideFlags: 0
  m_CorrespondingSourceObject: {fileID: 0}
  m_PrefabInstance: {fileID: 0}
  m_PrefabAsset: {fileID: 0}
  serializedVersion: 6
  m_Component:
  - component: {fileID: 4726672406268689169}
  - component: {fileID: 6568562668005061960}
  - component: {fileID: 1918403847593130004}
  m_Layer: 9
  m_Name: Weapon
  m_TagString: Untagged
  m_Icon: {fileID: 0}
  m_NavMeshLayer: 0
  m_StaticEditorFlags: 0
  m_IsActive: 1
--- !u!4 &4726672406268689169
Transform:
  m_ObjectHideFlags: 0
  m_CorrespondingSourceObject: {fileID: 0}
  m_PrefabInstance: {fileID: 0}
  m_PrefabAsset: {fileID: 0}
  m_GameObject: {fileID: 5907505990192699766}
  m_LocalRotation: {x: 0, y: 0, z: 0, w: 1}
  m_LocalPosition: {x: 0, y: 0, z: 0}
  m_LocalScale: {x: 1, y: 1, z: 1}
  m_Children: []
  m_Father: {fileID: 5217072565930689189}
  m_RootOrder: 1
  m_LocalEulerAnglesHint: {x: 0, y: 0, z: 0}
--- !u!58 &6568562668005061960
CircleCollider2D:
  m_ObjectHideFlags: 0
  m_CorrespondingSourceObject: {fileID: 0}
  m_PrefabInstance: {fileID: 0}
  m_PrefabAsset: {fileID: 0}
  m_GameObject: {fileID: 5907505990192699766}
  m_Enabled: 0
  m_Density: 1
  m_Material: {fileID: 0}
  m_IsTrigger: 1
  m_UsedByEffector: 0
  m_UsedByComposite: 0
  m_Offset: {x: 0, y: 0.51}
  serializedVersion: 2
  m_Radius: 0.5
--- !u!114 &1918403847593130004
MonoBehaviour:
  m_ObjectHideFlags: 0
  m_CorrespondingSourceObject: {fileID: 0}
  m_PrefabInstance: {fileID: 0}
  m_PrefabAsset: {fileID: 0}
  m_GameObject: {fileID: 5907505990192699766}
  m_Enabled: 1
  m_EditorHideFlags: 0
  m_Script: {fileID: 11500000, guid: 4c50c52d117e9bf468345fd87ba48f2c, type: 3}
  m_Name: 
  m_EditorClassIdentifier: 
  damage: 105
--- !u!1001 &2816359254760623800
PrefabInstance:
  m_ObjectHideFlags: 0
  serializedVersion: 2
  m_Modification:
    m_TransformParent: {fileID: 5217072565930689189}
    m_Modifications:
    - target: {fileID: -9162042208839160693, guid: b59dbefa0715a0348b0f282ec476d442,
        type: 3}
      propertyPath: m_Bounds.m_Center.x
      value: -0.0002578795
      objectReference: {fileID: 0}
    - target: {fileID: -9162042208839160693, guid: b59dbefa0715a0348b0f282ec476d442,
        type: 3}
      propertyPath: m_Bounds.m_Center.y
      value: -0.000000059604645
      objectReference: {fileID: 0}
    - target: {fileID: -9162042208839160693, guid: b59dbefa0715a0348b0f282ec476d442,
        type: 3}
      propertyPath: m_Bounds.m_Extent.x
      value: 0.155711
      objectReference: {fileID: 0}
    - target: {fileID: -9162042208839160693, guid: b59dbefa0715a0348b0f282ec476d442,
        type: 3}
      propertyPath: m_Bounds.m_Extent.y
      value: 0.31249994
      objectReference: {fileID: 0}
    - target: {fileID: -7426947350830538223, guid: b59dbefa0715a0348b0f282ec476d442,
        type: 3}
      propertyPath: m_Bounds.m_Center.x
      value: 0.0004608631
      objectReference: {fileID: 0}
    - target: {fileID: -7426947350830538223, guid: b59dbefa0715a0348b0f282ec476d442,
        type: 3}
      propertyPath: m_Bounds.m_Center.y
      value: 0.000000059604645
      objectReference: {fileID: 0}
    - target: {fileID: -7426947350830538223, guid: b59dbefa0715a0348b0f282ec476d442,
        type: 3}
      propertyPath: m_Bounds.m_Extent.x
      value: 0.2807892
      objectReference: {fileID: 0}
    - target: {fileID: -7426947350830538223, guid: b59dbefa0715a0348b0f282ec476d442,
        type: 3}
      propertyPath: m_Bounds.m_Extent.y
      value: 0.34375006
      objectReference: {fileID: 0}
    - target: {fileID: -7152949042372959538, guid: b59dbefa0715a0348b0f282ec476d442,
        type: 3}
      propertyPath: m_SortingLayerID
      value: -320831607
      objectReference: {fileID: 0}
    - target: {fileID: -7152949042372959538, guid: b59dbefa0715a0348b0f282ec476d442,
        type: 3}
      propertyPath: m_SortingLayer
      value: 3
      objectReference: {fileID: 0}
    - target: {fileID: -4415148631369921321, guid: b59dbefa0715a0348b0f282ec476d442,
        type: 3}
      propertyPath: m_Layer
      value: 9
      objectReference: {fileID: 0}
    - target: {fileID: -3879865180572341090, guid: b59dbefa0715a0348b0f282ec476d442,
        type: 3}
      propertyPath: m_Layer
      value: 9
      objectReference: {fileID: 0}
    - target: {fileID: -3867437881922133505, guid: b59dbefa0715a0348b0f282ec476d442,
        type: 3}
      propertyPath: m_Layer
      value: 9
      objectReference: {fileID: 0}
    - target: {fileID: -3627470452050506842, guid: b59dbefa0715a0348b0f282ec476d442,
        type: 3}
      propertyPath: m_Layer
      value: 9
      objectReference: {fileID: 0}
    - target: {fileID: -3313229669835565138, guid: b59dbefa0715a0348b0f282ec476d442,
        type: 3}
      propertyPath: m_SortingLayerID
      value: -320831607
      objectReference: {fileID: 0}
    - target: {fileID: -3313229669835565138, guid: b59dbefa0715a0348b0f282ec476d442,
        type: 3}
      propertyPath: m_SortingLayer
      value: 3
      objectReference: {fileID: 0}
    - target: {fileID: -3294799798391140913, guid: b59dbefa0715a0348b0f282ec476d442,
        type: 3}
      propertyPath: m_Layer
      value: 9
      objectReference: {fileID: 0}
    - target: {fileID: -3040502737081755332, guid: b59dbefa0715a0348b0f282ec476d442,
        type: 3}
      propertyPath: m_Layer
      value: 9
      objectReference: {fileID: 0}
    - target: {fileID: -2062988274368036247, guid: b59dbefa0715a0348b0f282ec476d442,
        type: 3}
      propertyPath: m_Layer
      value: 9
      objectReference: {fileID: 0}
    - target: {fileID: -1983195112236324636, guid: b59dbefa0715a0348b0f282ec476d442,
        type: 3}
      propertyPath: m_Layer
      value: 9
      objectReference: {fileID: 0}
    - target: {fileID: -1864228370520384279, guid: b59dbefa0715a0348b0f282ec476d442,
        type: 3}
      propertyPath: m_Bounds.m_Center.x
      value: 0.00019535422
      objectReference: {fileID: 0}
    - target: {fileID: -1864228370520384279, guid: b59dbefa0715a0348b0f282ec476d442,
        type: 3}
      propertyPath: m_Bounds.m_Center.y
      value: 0.0013438165
      objectReference: {fileID: 0}
    - target: {fileID: -1864228370520384279, guid: b59dbefa0715a0348b0f282ec476d442,
        type: 3}
      propertyPath: m_Bounds.m_Extent.x
      value: 0.15550762
      objectReference: {fileID: 0}
    - target: {fileID: -1864228370520384279, guid: b59dbefa0715a0348b0f282ec476d442,
        type: 3}
      propertyPath: m_Bounds.m_Extent.y
      value: 0.3111562
      objectReference: {fileID: 0}
    - target: {fileID: -1416393169195006652, guid: b59dbefa0715a0348b0f282ec476d442,
        type: 3}
      propertyPath: m_Bounds.m_Center.x
      value: 0.000000059604645
      objectReference: {fileID: 0}
    - target: {fileID: -1416393169195006652, guid: b59dbefa0715a0348b0f282ec476d442,
        type: 3}
      propertyPath: m_Bounds.m_Center.y
      value: -0.00000008940697
      objectReference: {fileID: 0}
    - target: {fileID: -1416393169195006652, guid: b59dbefa0715a0348b0f282ec476d442,
        type: 3}
      propertyPath: m_Bounds.m_Extent.x
      value: 0.18750001
      objectReference: {fileID: 0}
    - target: {fileID: -1416393169195006652, guid: b59dbefa0715a0348b0f282ec476d442,
        type: 3}
      propertyPath: m_Bounds.m_Extent.y
      value: 0.24999997
      objectReference: {fileID: 0}
    - target: {fileID: -883351304021375695, guid: b59dbefa0715a0348b0f282ec476d442,
        type: 3}
      propertyPath: m_SortingLayerID
      value: -320831607
      objectReference: {fileID: 0}
    - target: {fileID: -883351304021375695, guid: b59dbefa0715a0348b0f282ec476d442,
        type: 3}
      propertyPath: m_SortingLayer
      value: 3
      objectReference: {fileID: 0}
    - target: {fileID: 490967193262265097, guid: b59dbefa0715a0348b0f282ec476d442,
        type: 3}
      propertyPath: m_Layer
      value: 9
      objectReference: {fileID: 0}
    - target: {fileID: 517363562299204635, guid: b59dbefa0715a0348b0f282ec476d442,
        type: 3}
      propertyPath: m_Layer
      value: 9
      objectReference: {fileID: 0}
    - target: {fileID: 593060928732111020, guid: b59dbefa0715a0348b0f282ec476d442,
        type: 3}
      propertyPath: m_Bounds.m_Center.x
      value: 0.0005547255
      objectReference: {fileID: 0}
    - target: {fileID: 593060928732111020, guid: b59dbefa0715a0348b0f282ec476d442,
        type: 3}
      propertyPath: m_Bounds.m_Center.y
      value: -0.000000029802322
      objectReference: {fileID: 0}
    - target: {fileID: 593060928732111020, guid: b59dbefa0715a0348b0f282ec476d442,
        type: 3}
      propertyPath: m_Bounds.m_Extent.x
      value: 0.18694536
      objectReference: {fileID: 0}
    - target: {fileID: 593060928732111020, guid: b59dbefa0715a0348b0f282ec476d442,
        type: 3}
      propertyPath: m_Bounds.m_Extent.y
      value: 0.25000012
      objectReference: {fileID: 0}
    - target: {fileID: 640029573188886141, guid: b59dbefa0715a0348b0f282ec476d442,
        type: 3}
      propertyPath: m_Layer
      value: 9
      objectReference: {fileID: 0}
    - target: {fileID: 1125600899043217299, guid: b59dbefa0715a0348b0f282ec476d442,
        type: 3}
      propertyPath: m_Layer
      value: 9
      objectReference: {fileID: 0}
    - target: {fileID: 1627226379983975773, guid: b59dbefa0715a0348b0f282ec476d442,
        type: 3}
      propertyPath: m_Name
      value: Model
      objectReference: {fileID: 0}
    - target: {fileID: 1627226379983975773, guid: b59dbefa0715a0348b0f282ec476d442,
        type: 3}
      propertyPath: m_Layer
      value: 9
      objectReference: {fileID: 0}
    - target: {fileID: 2302167057045494787, guid: b59dbefa0715a0348b0f282ec476d442,
        type: 3}
      propertyPath: m_Layer
      value: 9
      objectReference: {fileID: 0}
    - target: {fileID: 2698442785546749571, guid: b59dbefa0715a0348b0f282ec476d442,
        type: 3}
      propertyPath: m_Layer
      value: 9
      objectReference: {fileID: 0}
    - target: {fileID: 2923130504239621091, guid: b59dbefa0715a0348b0f282ec476d442,
        type: 3}
      propertyPath: m_SortingLayerID
      value: -320831607
      objectReference: {fileID: 0}
    - target: {fileID: 2923130504239621091, guid: b59dbefa0715a0348b0f282ec476d442,
        type: 3}
      propertyPath: m_SortingLayer
      value: 3
      objectReference: {fileID: 0}
    - target: {fileID: 4054344991831302882, guid: b59dbefa0715a0348b0f282ec476d442,
        type: 3}
      propertyPath: m_Layer
      value: 9
      objectReference: {fileID: 0}
    - target: {fileID: 4394025694744734934, guid: b59dbefa0715a0348b0f282ec476d442,
        type: 3}
      propertyPath: m_LocalPosition.x
      value: 0
      objectReference: {fileID: 0}
    - target: {fileID: 4394025694744734934, guid: b59dbefa0715a0348b0f282ec476d442,
        type: 3}
      propertyPath: m_LocalPosition.y
      value: 0
      objectReference: {fileID: 0}
    - target: {fileID: 4394025694744734934, guid: b59dbefa0715a0348b0f282ec476d442,
        type: 3}
      propertyPath: m_LocalPosition.z
      value: 0
      objectReference: {fileID: 0}
    - target: {fileID: 4394025694744734934, guid: b59dbefa0715a0348b0f282ec476d442,
        type: 3}
      propertyPath: m_LocalRotation.x
      value: -0
      objectReference: {fileID: 0}
    - target: {fileID: 4394025694744734934, guid: b59dbefa0715a0348b0f282ec476d442,
        type: 3}
      propertyPath: m_LocalRotation.y
      value: -0
      objectReference: {fileID: 0}
    - target: {fileID: 4394025694744734934, guid: b59dbefa0715a0348b0f282ec476d442,
        type: 3}
      propertyPath: m_LocalRotation.z
      value: -0
      objectReference: {fileID: 0}
    - target: {fileID: 4394025694744734934, guid: b59dbefa0715a0348b0f282ec476d442,
        type: 3}
      propertyPath: m_LocalRotation.w
      value: 1
      objectReference: {fileID: 0}
    - target: {fileID: 4394025694744734934, guid: b59dbefa0715a0348b0f282ec476d442,
        type: 3}
      propertyPath: m_RootOrder
      value: 0
      objectReference: {fileID: 0}
    - target: {fileID: 4394025694744734934, guid: b59dbefa0715a0348b0f282ec476d442,
        type: 3}
      propertyPath: m_LocalEulerAnglesHint.x
      value: 0
      objectReference: {fileID: 0}
    - target: {fileID: 4394025694744734934, guid: b59dbefa0715a0348b0f282ec476d442,
        type: 3}
      propertyPath: m_LocalEulerAnglesHint.y
      value: 0
      objectReference: {fileID: 0}
    - target: {fileID: 4394025694744734934, guid: b59dbefa0715a0348b0f282ec476d442,
        type: 3}
      propertyPath: m_LocalEulerAnglesHint.z
      value: 0
      objectReference: {fileID: 0}
    - target: {fileID: 4824421994817745862, guid: b59dbefa0715a0348b0f282ec476d442,
        type: 3}
      propertyPath: m_Bounds.m_Center.x
      value: 0.0000078082085
      objectReference: {fileID: 0}
    - target: {fileID: 4824421994817745862, guid: b59dbefa0715a0348b0f282ec476d442,
        type: 3}
      propertyPath: m_Bounds.m_Center.y
      value: -0.000000029802322
      objectReference: {fileID: 0}
    - target: {fileID: 4824421994817745862, guid: b59dbefa0715a0348b0f282ec476d442,
        type: 3}
      propertyPath: m_Bounds.m_Extent.x
      value: 0.3124922
      objectReference: {fileID: 0}
    - target: {fileID: 4824421994817745862, guid: b59dbefa0715a0348b0f282ec476d442,
        type: 3}
      propertyPath: m_Bounds.m_Extent.y
      value: 0.40625003
      objectReference: {fileID: 0}
    - target: {fileID: 6642880964110905995, guid: b59dbefa0715a0348b0f282ec476d442,
        type: 3}
      propertyPath: m_SortingLayerID
      value: -320831607
      objectReference: {fileID: 0}
    - target: {fileID: 6642880964110905995, guid: b59dbefa0715a0348b0f282ec476d442,
        type: 3}
      propertyPath: m_SortingLayer
      value: 3
      objectReference: {fileID: 0}
    - target: {fileID: 7665391929488437914, guid: b59dbefa0715a0348b0f282ec476d442,
        type: 3}
      propertyPath: m_SortingLayerID
      value: -320831607
      objectReference: {fileID: 0}
    - target: {fileID: 7665391929488437914, guid: b59dbefa0715a0348b0f282ec476d442,
        type: 3}
      propertyPath: m_SortingLayer
      value: 3
      objectReference: {fileID: 0}
    - target: {fileID: 7963887929260828468, guid: b59dbefa0715a0348b0f282ec476d442,
        type: 3}
      propertyPath: m_Layer
      value: 9
      objectReference: {fileID: 0}
    - target: {fileID: 8659929085503892950, guid: b59dbefa0715a0348b0f282ec476d442,
        type: 3}
      propertyPath: m_Layer
      value: 9
      objectReference: {fileID: 0}
    m_RemovedComponents: []
  m_SourcePrefab: {fileID: 3750760186642980336, guid: b59dbefa0715a0348b0f282ec476d442,
    type: 3}
--- !u!4 &2012828403339027054 stripped
Transform:
  m_CorrespondingSourceObject: {fileID: 4394025694744734934, guid: b59dbefa0715a0348b0f282ec476d442,
    type: 3}
  m_PrefabInstance: {fileID: 2816359254760623800}
  m_PrefabAsset: {fileID: 0}
